<record xmlns="http://www.loc.gov/MARC21/slim" xmlns:xsi="http://www.w3.org/2001/XMLSchema-instance" xsi:schemaLocation="http://www.loc.gov/MARC21/slim http://www.loc.gov/standards/marcxml/schema/MARC21slim.xsd"><leader>01847nam a2200349   4500</leader><controlfield tag="001">001680197</controlfield><controlfield tag="003">NNU</controlfield><controlfield tag="006">m        d        </controlfield><controlfield tag="007">cr cn |||m|||a</controlfield><controlfield tag="008">150223s1963    sy      o     000 0cara</controlfield><datafield ind1=" " ind2=" " tag="040"><subfield code="a">NNU</subfield><subfield code="b">eng</subfield><subfield code="c">NNU</subfield></datafield><datafield ind1="0" ind2=" " tag="130"><subfield code="6">880-01</subfield><subfield code="a">Mu&#699;allaq&#257;t</subfield></datafield><datafield ind1="1" ind2="0" tag="245"><subfield code="6">880-02</subfield><subfield code="a">Sharh&#803; al-Mu&#699;allaqa&#772;t al-sab&#699;</subfield><subfield code="h">[electronic resource] /</subfield><subfield code="c">li-Abi&#772; &#699;Abd Alla&#772;h al-H&#803;usayn ibn Ah&#803;mad ibn al-H&#803;usayn al-Zawzani&#772;. D&#803;abat&#803;ahu wa-kataba muqaddimatahu wa-tara&#772;jimahu Muh&#803;ammad &#699;Ali&#772; H&#803;amd Alla&#772;h.</subfield></datafield><datafield ind1=" " ind2=" " tag="260"><subfield code="6">880-03</subfield><subfield code="a">Dimashq :</subfield><subfield code="b">al-Maktabat al-Umawi&#772;yah,</subfield><subfield code="c">[1963]</subfield></datafield><datafield ind1=" " ind2=" " tag="300"><subfield code="a">online resource (311 p.)</subfield></datafield><datafield ind1=" " ind2=" " tag="500"><subfield code="a">Bibliography: p. [308]-311</subfield></datafield><datafield ind1=" " ind2=" " tag="500"><subfield code="a">Part of the Arabic Collections Online (ACO) project, contributed by New York Univeristy Libraries.</subfield></datafield><datafield ind1=" " ind2=" " tag="533"><subfield code="a">Electronic reproduction.</subfield><subfield code="b">New York, N.Y. :</subfield><subfield code="c">New York University,</subfield><subfield code="d">2015.</subfield><subfield code="5">NNU</subfield></datafield><datafield ind1=" " ind2="0" tag="650"><subfield code="a">Arabic poetry.</subfield></datafield><datafield ind1="1" ind2=" " tag="700"><subfield code="6">880-04</subfield><subfield code="a">Zawzani&#772;, H&#803;usayn ibn Ah&#803;mad,</subfield><subfield code="d">-1093 or 1094.</subfield></datafield><datafield ind1="1" ind2=" " tag="700"><subfield code="6">880-05</subfield><subfield code="a">H&#803;amd Alla&#772;h, Muh&#803;ammad &#699;Ali&#772;.</subfield></datafield><datafield ind1="2" ind2=" " tag="710"><subfield code="a">New York University.</subfield><subfield code="b">Libraries.</subfield></datafield><datafield ind1="0" ind2=" " tag="730"><subfield code="a">Arabic Collections Online.</subfield></datafield><datafield ind1="0" ind2="8" tag="776"><subfield code="i">Print version:</subfield><subfield code="t">Sharh&#803; al-Mu&#699;allaqa&#772;t al-sab&#699;</subfield><subfield code="w">(NNU)001680197</subfield><subfield code="w">(DLC)ne 65000252</subfield></datafield><datafield ind1="4" ind2="0" tag="856"><subfield code="u">http://hdl.handle.net/2333.1/xd2549rh</subfield></datafield><datafield ind1="0" ind2=" " tag="880"><subfield code="6">130-01/</subfield><subfield code="a">&#1605;&#1593;&#1604;&#1602;&#1575;&#1578;.</subfield></datafield><datafield ind1="0" ind2="0" tag="880"><subfield code="6">245-02/</subfield><subfield code="a">&#1588;&#1585;&#1581; &#1575;&#1604;&#1605;&#1593;&#1604;&#1602;&#1575;&#1578; &#1575;&#1604;&#1587;&#1576;&#1593; /</subfield><subfield code="c">&#1604;&#1571;&#1576;&#1610; &#1593;&#1576;&#1583; &#1575;&#1604;&#1604;&#1607; &#1575;&#1604;&#1581;&#1587;&#1610;&#1606; &#1576;&#1606; &#1571;&#1581;&#1605;&#1583; &#1576;&#1606; &#1575;&#1604;&#1581;&#1587;&#1610;&#1606; &#1575;&#1604;&#1586;&#1608;&#1586;&#1606;&#1610;. &#1590;&#1576;&#1591;&#1607; &#1608;&#1603;&#1578;&#1576; &#1605;&#1602;&#1583;&#1605;&#1578;&#1607; &#1608;&#1578;&#1585;&#1575;&#1580;&#1605;&#1607; &#1605;&#1581;&#1605;&#1583; &#1593;&#1604;&#1610; &#1581;&#1605;&#1583; &#1575;&#1604;&#1604;&#1607;.</subfield></datafield><datafield ind1=" " ind2=" " tag="880"><subfield code="6">260-03/</subfield><subfield code="a">&#1583;&#1605;&#1588;&#1602; :</subfield><subfield code="b">&#1575;&#1604;&#1605;&#1603;&#1578;&#1576;&#1577; &#1575;&#1604;&#1571;&#1605;&#1608;&#1610;&#1577;&#1548;</subfield><subfield code="c">[1963]</subfield></datafield><datafield ind1="1" ind2=" " tag="880"><subfield code="6">700-04/</subfield><subfield code="a">&#1586;&#1608;&#1586;&#1606;&#1610;&#1548; &#1581;&#1587;&#1610;&#1606; &#1576;&#1606; &#1571;&#1581;&#1605;&#1583;&#1548;</subfield><subfield code="d">-1093 or 1094.</subfield></datafield><datafield ind1="1" ind2=" " tag="880"><subfield code="6">700-05/</subfield><subfield code="a">&#1581;&#1605;&#1583; &#1575;&#1604;&#1604;&#1607;&#1548; &#1605;&#1581;&#1605;&#1583; &#1593;&#1604;&#1610;.</subfield></datafield><datafield ind1=" " ind2=" " tag="959"><subfield code="a">NNU</subfield><subfield code="b">WEB</subfield><subfield code="c">GENI</subfield><subfield code="t">0</subfield><subfield code="m">Electronic access</subfield><subfield code="s">01</subfield></datafield><datafield ind1=" " ind2=" " tag="999"><subfield code="i">NNU_001680197</subfield><subfield code="s">nyu_aco000089</subfield></datafield></record>